@software{craig_russell_2020_4073437,
  author    = {Craig Russell},
  title     = {ctr26/flOPT: Init},
  month     = oct,
  year      = 2020,
  publisher = {Zenodo},
  version   = {v1},
  doi       = {10.5281/zenodo.4073437},
  url       = {https://doi.org/10.5281/zenodo.4073437}
}